<?xml version="1.0" encoding="UTF-8" ?>
<record Numero="13927481" format="InterXMarc_Complet" type="Authority">
<leader>00370c1 au22000272  45  <Pos Code="0004">00370</Pos>
<Pos Code="05" Sens="notice modifiée">c</Pos>
<Pos Code="06" Sens="notice validée en catalogage courant">1</Pos>
<Pos Code="08" Sens="notice d&apos;autorité">a</Pos>
<Pos Code="09" Sens="titre uniforme musical (TUM)">u</Pos>
<Pos Code="10">2</Pos>
<Pos Code="11">2</Pos>
<Pos Code="1216">00027</Pos>
<Pos Code="17" Sens="autres cas">2</Pos>
<Pos Code="20">4</Pos>
<Pos Code="21">5</Pos>
</leader>
<controlfield tag="001">FRBNF139274810<Pos Code="0001">FR</Pos>
<Pos Code="0204">BNF</Pos>
<Pos Code="0512">13927481</Pos>
<Pos Code="13">0</Pos>
</controlfield>
<controlfield tag="008">900625960104yy    pv        1650    ? ....                   1   <Pos Code="0001">90</Pos>
<Pos Code="0203">06</Pos>
<Pos Code="0405">25</Pos>
<Pos Code="0607">96</Pos>
<Pos Code="0809">01</Pos>
<Pos Code="1011">04</Pos>
<Pos Code="1213" Sens="ne s&apos;applique pas">yy</Pos>
<Pos Code="1820">pv </Pos>
<Pos Code="2831">1650</Pos>
<Pos Code="36" Sens="Date incertaine">?</Pos>
<Pos Code="3841">....</Pos>
<Pos Code="61" Sens="La vedette peut être liée à une notice bibliographique sauf pour l&apos;accès matière RAMEAU">1</Pos>
</controlfield>
<datafield tag="048" ind1=" " ind2=" ">
	<subfield code="a">kc01<Pos Code="0001" Sens="clavier - clavecin">kc</Pos>
<Pos Code="02">0</Pos>
<Pos Code="03">1</Pos>
</subfield>
</datafield>
<datafield tag="100" ind1=" " ind2=" ">
	<subfield code="3">13892795</subfield>
	<subfield code="w"> 0  b     </subfield>
	<subfield code="a">Couperin</subfield>
	<subfield code="m">Louis</subfield>
	<subfield code="d">1626?-1661</subfield>
</datafield>
<datafield tag="144" ind1="1" ind2=" ">
	<subfield code="w">....b.....</subfield>
	<subfield code="a">Pavanes</subfield>
	<subfield code="b">Clavecin</subfield>
	<subfield code="k">M 120</subfield>
	<subfield code="t">Fa dièse mineur</subfield>
</datafield>
<datafield tag="444" ind1="1" ind2=" ">
	<subfield code="w">....b.....</subfield>
	<subfield code="a">Pavanne</subfield>
	<subfield code="k">M 120</subfield>
	<subfield code="t">Fa dièse mineur</subfield>
</datafield>
<datafield tag="600" ind1=" " ind2=" ">
	<subfield code="a">Date de composition : ca 1650</subfield>
</datafield>
<datafield tag="610" ind1=" " ind2=" ">
	<subfield code="a">Grove 6</subfield>
</datafield>
<datafield tag="917" ind1=" " ind2=" ">
	<subfield code="o">OPC</subfield>
	<subfield code="a">100579480</subfield>
</datafield>
<Attr Nom="IDPerenne">ark:/12148/cb139274815</Attr>
<Attr Nom="NumSource">OPC 100579480</Attr>
<Attr Nom="Source" Sens="BnF catalogue général (depuis 1999)">A</Attr>
<Attr Nom="NumAutoriteLiee">13892795</Attr>
<Attr Nom="DateCreation">25/06/ 1990</Attr>
<Attr Nom="ResponsableCreation">MIGV2</Attr>
<Attr Nom="StructCreation">1</Attr>
<Attr Nom="DateDerniereValidation">08/11/ 2010</Attr>
<Attr Nom="ResponsableDerniereValidation">MIGV4</Attr>
<Attr Nom="StructPremiereValidation">1</Attr>
<Attr Nom="DatePremiereValidation">25/06/ 1990</Attr>
<Attr Nom="ResponsablePremiereValidation">MIGV2</Attr>
<Attr Nom="StructDerniereValidation">1</Attr>
<Attr Nom="NumSource">OPP 14796242</Attr>
</record>
